@book{高礼忠2015电子测量技术基础,
  title={电子测量技术基础},
  author={高礼忠 and 杨吉祥},
  publisher={东南大学出版社},
  year={2015},
  keywords={电气测量},
  abstract={本书主要讲述电子测量的基本概念、各种电信号、电子元器件、网络参数及数字系统的测试原理和测量方法。},
}

